@article{mason2018associations,
	  title={Associations between fast food and physical activity environments and adiposity in mid-life: cross-sectional, observational evidence from UK Biobank},
	    author={Mason, Kate E and Pearce, Neil and Cummins, Steven},
	      journal={The Lancet Public Health},
	        volume={3},
		  number={1},
		    pages={e24--e33},
		      year={2018},
		        publisher={Elsevier}
}

@article{nieuwenhuijsen2018influence,
	  title={Influence of urban and transport planning and the city environment on cardiovascular disease},
	    author={Nieuwenhuijsen, Mark J},
	      journal={Nature Reviews Cardiology},
	        pages={1},
		  year={2018},
		    publisher={Nature Publishing Group}
}

@article{gortmaker2011changing,
	  title={Changing the future of obesity: science, policy, and action},
	    author={Gortmaker, Steven L and Swinburn, Boyd A and Levy, David and Carter, Rob and Mabry, Patricia L and Finegood, Diane T and Huang, Terry and Marsh, Tim and Moodie, Marjory L},
	      journal={The Lancet},
	        volume={378},
		  number={9793},
		    pages={838--847},
		      year={2011},
		        publisher={Elsevier}
}

@article{barrientos2017neighborhood,
	  title={Neighborhood physical environment and changes in body mass index: results from the Multi-Ethnic Study of Atherosclerosis},
	    author={Barrientos-Gutierrez, Tonatiuh and Moore, Kari AB and Auchincloss, Amy H and Mujahid, Mahasin S and August, Carmella and Sanchez, Brisa N and Diez Roux, Ana V},
	      journal={American journal of epidemiology},
	        volume={186},
		  number={11},
		    pages={1237--1245},
		      year={2017},
		        publisher={Oxford University Press}
}
