@article{ng2014global,
  title={Global, regional, and national prevalence of overweight and obesity in children and adults during 1980--2013: a systematic analysis for the Global Burden of Disease Study 2013},
  author={Ng, Marie and Fleming, Tom and Robinson, Margaret and Thomson, Blake and Graetz, Nicholas and Margono, Christopher and Mullany, Erin C and Biryukov, Stan and Abbafati, Cristiana and Abera, Semaw Ferede and others},
  journal={The lancet},
  volume={384},
  number={9945},
  pages={766--781},
  year={2014},
  publisher={Elsevier}
}

@article{flegal2002prevalence,
  title={Prevalence and trends in obesity among US adults, 1999-2000},
  author={Flegal, Katherine M and Carroll, Margaret D and Ogden, Cynthia L and Johnson, Clifford L},
  journal={Jama},
  volume={288},
  number={14},
  pages={1723--1727},
  year={2002},
  publisher={American Medical Association}
}

@article{gortmaker2011changing,
  title={Changing the future of obesity: science, policy, and action},
  author={Gortmaker, Steven L and Swinburn, Boyd A and Levy, David and Carter, Rob and Mabry, Patricia L and Finegood, Diane T and Huang, Terry and Marsh, Tim and Moodie, Marjory L},
  journal={The Lancet},
  volume={378},
  number={9793},
  pages={838--847},
  year={2011},
  publisher={Elsevier}
}


@article{papas2007built,
  title={The built environment and obesity},
  author={Papas, Mia A and Alberg, Anthony J and Ewing, Reid and Helzlsouer, Kathy J and Gary, Tiffany L and Klassen, Ann C},
  journal={Epidemiologic reviews},
  volume={29},
  number={1},
  pages={129--143},
  year={2007},
  publisher={Oxford University Press}
}


@article{mackenbach2014obesogenic,
  title={Obesogenic environments: a systematic review of the association between the physical environment and adult weight status, the SPOTLIGHT project},
  author={Mackenbach, Joreintje D and Rutter, Harry and Compernolle, Sofie and Glonti, Ketevan and Oppert, Jean-Michel and Charreire, Helene and De Bourdeaudhuij, Ilse and Brug, Johannes and Nijpels, Giel and Lakerveld, Jeroen},
  journal={BMC public health},
  volume={14},
  number={1},
  pages={233},
  year={2014},
  publisher={BioMed Central}
}


@article{mason2018associations,
  title={Associations between fast food and physical activity environments and adiposity in mid-life: cross-sectional, observational evidence from UK Biobank},
  author={Mason, Kate E and Pearce, Neil and Cummins, Steven},
  journal={The Lancet Public Health},
  volume={3},
  number={1},
  pages={e24--e33},
  year={2018},
  publisher={Elsevier}
}

@article{barrientos2017neighborhood,
  title={Neighborhood physical environment and changes in body mass index: results from the Multi-Ethnic Study of Atherosclerosis},
  author={Barrientos-Gutierrez, Tonatiuh and Moore, Kari AB and Auchincloss, Amy H and Mujahid, Mahasin S and August, Carmella and Sanchez, Brisa N and Diez Roux, Ana V},
  journal={American journal of epidemiology},
  volume={186},
  number={11},
  pages={1237--1245},
  year={2017},
  publisher={Oxford University Press}
}

@article{nieuwenhuijsen2018influence,
  title={Influence of urban and transport planning and the city environment on cardiovascular disease},
  author={Nieuwenhuijsen, Mark J},
  journal={Nature Reviews Cardiology},
  pages={1},
  year={2018},
  publisher={Nature Publishing Group}
}

@article{carrillo2019neighbourhood,
  title={Neighbourhood social capital and obesity: a systematic review of the literature},
  author={Carrillo-{\'A}lvarez, E and Kawachi, I and Riera-Roman{\'\i}, J},
  journal={Obesity Reviews},
  volume={20},
  number={1},
  pages={119--141},
  year={2019},
  publisher={Wiley Online Library}
}


@article{suglia2016neighborhood,
  title={Why the neighborhood social environment is critical in obesity prevention},
  author={Suglia, Shakira F and Shelton, Rachel C and Hsiao, Amber and Wang, Y Claire and Rundle, Andrew and Link, Bruce G},
  journal={Journal of Urban Health},
  volume={93},
  number={1},
  pages={206--212},
  year={2016},
  publisher={Springer}
}


@article{kawachi1997social,
  title={Social capital, income inequality, and mortality.},
  author={Kawachi, Ichiro and Kennedy, Bruce P and Lochner, Kimberly and Prothrow-Stith, Deborah},
  journal={American journal of public health},
  volume={87},
  number={9},
  pages={1491--1498},
  year={1997},
  publisher={American Public Health Association}
}


@article{leyden2003social,
  title={Social capital and the built environment: the importance of walkable neighborhoods},
  author={Leyden, Kevin M},
  journal={American journal of public health},
  volume={93},
  number={9},
  pages={1546--1551},
  year={2003},
  publisher={American Public Health Association}
}


@article{hanibuchi2012does,
  title={Does walkable mean sociable? Neighborhood determinants of social capital among older adults in Japan},
  author={Hanibuchi, Tomoya and Kondo, Katsunori and Nakaya, Tomoki and Shirai, Kokoro and Hirai, Hiroshi and Kawachi, Ichiro},
  journal={Health \& place},
  volume={18},
  number={2},
  pages={229--239},
  year={2012},
  publisher={Elsevier}
}

@article{mcleroy1988ecological,
  title={An ecological perspective on health promotion programs},
  author={McLeroy, Kenneth R and Bibeau, Daniel and Steckler, Allan and Glanz, Karen},
  journal={Health education quarterly},
  volume={15},
  number={4},
  pages={351--377},
  year={1988},
  publisher={Sage Publications Sage CA: Thousand Oaks, CA}
}


@article{sallis1998environmental,
  title={Environmental and policy interventions to promote physical activitya},
  author={Sallis, JamesF and Bauman, Adrian and Pratt, Michael},
  journal={American journal of preventive medicine},
  volume={15},
  number={4},
  pages={379--397},
  year={1998},
  publisher={Elsevier}
}


@article{schmid1995policy,
  title={Policy as intervention: environmental and policy approaches to the prevention of cardiovascular disease.},
  author={Schmid, Thomas L and Pratt, Michael and Howze, Elizabeth},
  journal={American Journal of Public Health},
  volume={85},
  number={9},
  pages={1207--1211},
  year={1995},
  publisher={American Public Health Association}
}


@article{frank2005linking,
  title={Linking objectively measured physical activity with objectively measured urban form: findings from SMARTRAQ},
  author={Frank, Lawrence D and Schmid, Thomas L and Sallis, James F and Chapman, James and Saelens, Brian E},
  journal={American journal of preventive medicine},
  volume={28},
  number={2},
  pages={117--125},
  year={2005},
  publisher={Elsevier}
}

@misc{smartgrowth,
  title = {Smart Growth America},
  howpublished = {\url{https://smartgrowthamerica.org/}},
  note = {Accessed: 2019-01-26}
}

@article{brown2015transit,
  title={Transit use, physical activity, and body mass index changes: objective measures associated with complete street light-rail construction},
  author={Brown, Barbara B and Werner, Carol M and Tribby, Calvin P and Miller, Harvey J and Smith, Ken R},
  journal={American journal of public health},
  volume={105},
  number={7},
  pages={1468--1474},
  year={2015},
  publisher={American Public Health Association}
}

@article{macdonald2010effect,
  title={The effect of light rail transit on body mass index and physical activity},
  author={MacDonald, John M and Stokes, Robert J and Cohen, Deborah A and Kofner, Aaron and Ridgeway, Greg K},
  journal={American journal of preventive medicine},
  volume={39},
  number={2},
  pages={105--112},
  year={2010},
  publisher={Elsevier}
}

@article{tseng2018effectiveness,
  title={Effectiveness of Policies and Programs to Combat Adult Obesity: a Systematic Review},
  author={Tseng, Eva and Zhang, Allen and Shogbesan, Oluwaseun and Gudzune, Kimberly A and Wilson, Renee F and Kharrazi, Hadi and Cheskin, Lawrence J and Bass, Eric B and Bennett, Wendy L},
  journal={Journal of general internal medicine},
  pages={1--12},
  year={2018},
  publisher={Springer}
}

@article{krouwel1995making,
  title={Making Democracy Work. Civic Traditions in Modern Italy [Review of: R. Putnam (1994) Making Democracy Work. Civic Traditions in Modern Italy]},
  author={Krouwel, APM},
  journal={Acta Politica},
  volume={30},
  year={1995}
}

@article{sampson1989community,
  title={Community structure and crime: Testing social-disorganization theory},
  author={Sampson, Robert J and Groves, W Byron},
  journal={American journal of sociology},
  volume={94},
  number={4},
  pages={774--802},
  year={1989},
  publisher={University of Chicago Press}
}

@article{sundquist2011neighborhood,
  title={Neighborhood walkability, physical activity, and walking behavior: the Swedish Neighborhood and Physical Activity (SNAP) study},
  author={Sundquist, Kristina and Eriksson, Ulf and Kawakami, Naomi and Skog, Lars and Ohlsson, Henrik and Arvidsson, Daniel},
  journal={Social science \& medicine},
  volume={72},
  number={8},
  pages={1266--1273},
  year={2011},
  publisher={Elsevier}
}

@article{kawakami2011differences,
  title={Differences in neighborhood accessibility to health-related resources: a nationwide comparison between deprived and affluent neighborhoods in Sweden},
  author={Kawakami, Naomi and Winkleby, Marilyn and Skog, Lars and Szulkin, Robert and Sundquist, Kristina},
  journal={Health \& place},
  volume={17},
  number={1},
  pages={132--139},
  year={2011},
  publisher={Elsevier}
}

@article{sundquist2014neighborhood,
  title={Neighborhood linking social capital as a predictor of psychiatric medication prescription in the elderly: A Swedish national cohort study},
  author={Sundquist, Jan and Hamano, Tsuyoshi and Li, Xinjun and Kawakami, Naomi and Shiwaku, Kuninori and Sundquist, Kristina},
  journal={Journal of psychiatric research},
  volume={55},
  pages={44--51},
  year={2014},
  publisher={Elsevier}
}

@article{sundquist2014linking,
  title={Linking social capital and mortality in the elderly: a Swedish national cohort study},
  author={Sundquist, Kristina and Hamano, Tsuyoshi and Li, Xinjun and Kawakami, Naomi and Shiwaku, Kuninori and Sundquist, Jan},
  journal={Experimental gerontology},
  volume={55},
  pages={29--36},
  year={2014},
  publisher={Elsevier}
}