
@article{raggiDeterminantsMobilityPopulations2018,
  title = {Determinants of Mobility in Populations of Older Adults: {{Results}} from a Cross-Sectional Study in {{Finland}}, {{Poland}} and {{Spain}}},
  volume = {115},
  journal = {Maturitas},
  doi = {10.1016/j.maturitas.2018.06.018},
  author = {Raggi, Alberto and Corso, Barbara and De Torres, Laura and Quintas, Rui and Chatterji, Somnath and Sainio, P{\"a}ivi and Martinuzzi, Andrea and Zawisza, Katarzyna and Haro, Josep Maria and Minicuci, Nadia and Leonardi, Matilde},
  year = {2018},
  pages = {84-91},
  pmid = {30049352}
}

@article{fuentesAssociationNeighborhoodSocioeconomic2007,
  title = {The Association among Neighborhood Socioeconomic Status, Race and Chronic Pain in Black and White Older Adults},
  volume = {99},
  number = {10},
  journal = {Journal of the National Medical Association},
  author = {Fuentes, Molly and {Hart-Johnson}, Tamera and Green, Carmen R.},
  year = {2007},
  pages = {1160-1169},
  pmid = {17987920}
}

@article{vanheckeChronicPainEpidemiology2013,
  title = {Chronic Pain Epidemiology and Its Clinical Relevance},
  volume = {111},
  number = {1},
  journal = {British Journal of Anaesthesia},
  doi = {10.1093/bja/aet123},
  author = {{van Hecke}, O and Torrance, N and Smith, B. H.},
  year = {2013},
  pages = {13-18}
}

@article{makrisManagementPersistentPain2014,
  title = {Management of {{Persistent Pain}} in the {{Older Patient}}: {{A Clinical Review}}},
  volume = {312},
  number = {8},
  journal = {JAMA},
  doi = {10.1001/jama.2014.9405},
  author = {Makris, Una E. and Abrams, Robert C. and Gurland, Barry and Reid, M. Carrington},
  year = {2014},
  pages = {825-837}
}

@article{domenichielloSilentEpidemicChronic2019,
  title = {The Silent Epidemic of Chronic Pain in Older Adults},
  volume = {93},
  journal = {Progress in Neuro-Psychopharmacology \& Biological Psychiatry},
  doi = {10.1016/j.pnpbp.2019.04.006},
  author = {Domenichiello, Anthony F. and Ramsden, Christopher E.},
  year = {2019},
  pages = {284-290},
  pmid = {31004724},
  pmcid = {PMC6538291}
}

@article{kitayuguchiAssociationMusculoskeletalPain2015,
  title = {Association between Musculoskeletal Pain and Trips or Falls in Rural {{Japanese}} Community-Dwelling Older Adults: {{A}} Cross-Sectional Study},
  volume = {15},
  copyright = {\textcopyright{} 2014 Japan Geriatrics Society},
  number = {1},
  journal = {Geriatrics \& Gerontology International},
  doi = {10.1111/ggi.12228},
  author = {Kitayuguchi, Jun and Kamada, Masamitsu and Okada, Shimpei and Kamioka, Hiroharu and Mutoh, Yoshiteru},
  year = {2015},
  pages = {54-64}
}

@article{hamanoAssociationOverweightElevation2014,
  title = {Association of {{Overweight}} and {{Elevation}} with {{Chronic Knee}} and {{Low Back Pain}}: {{A Cross}}-{{Sectional Study}}},
  volume = {11},
  copyright = {http://creativecommons.org/licenses/by/3.0/},
  number = {4},
  journal = {International Journal of Environmental Research and Public Health},
  doi = {10.3390/ijerph110404417},
  author = {Hamano, Tsuyoshi and Kamada, Masamitsu and Kitayuguchi, Jun and Sundquist, Kristina and Sundquist, Jan and Shiwaku, Kuninori},
  year = {2014},
  pages = {4417-4426}
}

@article{kamadaRelationshipPhysicalActivity2014,
  title = {Relationship {{Between Physical Activity}} and {{Chronic Musculoskeletal Pain Among Community}}-{{Dwelling Japanese Adults}}},
  volume = {24},
  number = {6},
  journal = {Journal of Epidemiology},
  doi = {10.2188/jea.JE20140025},
  author = {Kamada, Masamitsu and Kitayuguchi, Jun and Lee, I.-Min and Hamano, Tsuyoshi and Imamura, Fumiaki and Inoue, Shigeru and Miyachi, Motohiko and Shiwaku, Kuninori},
  year = {2014},
  pages = {474-483}
}

@article{kitayuguchiAssociationKneePain2016,
  title = {Association between Knee Pain and Gait Speed Decline in Rural {{Japanese}} Community-Dwelling Older Adults: 1-Year Prospective Cohort Study},
  volume = {16},
  copyright = {\textcopyright{} 2015 Japan Geriatrics Society},
  number = {1},
  journal = {Geriatrics \& Gerontology International},
  doi = {10.1111/ggi.12432},
  author = {Kitayuguchi, Jun and Kamada, Masamitsu and Hamano, Tsuyoshi and Nabika, Toru and Shiwaku, Kuninori and Kamioka, Hiroharu and Okada, Shimpei and Mutoh, Yoshiteru},
  year = {2016},
  pages = {55-64}
}

@article{kitayuguchiAssociationLowBack2017,
  title = {Association of Low Back and Knee Pain with Falls in {{Japanese}} Community-Dwelling Older Adults: {{A}} 3-Year Prospective Cohort Study},
  volume = {17},
  copyright = {\textcopyright{} 2016 Japan Geriatrics Society},
  number = {6},
  journal = {Geriatrics \& Gerontology International},
  doi = {10.1111/ggi.12799},
  author = {Kitayuguchi, Jun and Kamada, Masamitsu and Inoue, Shigeru and Kamioka, Hiroharu and Abe, Takafumi and Okada, Shimpei and Mutoh, Yoshiteru},
  year = {2017},
  pages = {875-884}
}

@article{breivikSurveyChronicPain2006,
  title = {Survey of Chronic Pain in {{Europe}}: {{Prevalence}}, Impact on Daily Life, and Treatment},
  volume = {10},
  copyright = {2006 European Federation of Chapters of the International Association for the Study of Pain},
  number = {4},
  journal = {European Journal of Pain},
  doi = {10.1016/j.ejpain.2005.06.009},
  author = {Breivik, Harald and Collett, Beverly and Ventafridda, Vittorio and Cohen, Rob and Gallacher, Derek},
  year = {2006},
  pages = {287-287}
}

@article{elliottEpidemiologyChronicPain1999,
  title = {The Epidemiology of Chronic Pain in the Community},
  volume = {354},
  number = {9186},
  journal = {The Lancet},
  doi = {10.1016/S0140-6736(99)03057-3},
  author = {Elliott, Alison M and Smith, Blair H and Penny, Kay I and Cairns Smith, W and Alastair Chambers, W},
  year = {1999},
  pages = {1248-1252}
}

@book{unitednationsWorldPopulationAgeing2017a,
  title = {World Population Ageing, 2017 Highlights},
  isbn = {978-92-1-151551-0},
  author = {{United Nations} and {Department of Economic and Social Affairs} and {Population Division}},
  year = {2017},
  note = {OCLC: 1082362390}
}


